<?xml version="1.0" encoding="UTF-8"?><collection xmlns="http://www.loc.gov/MARC21/slim"><record><leader>00425nam--2200133-i-4500</leader><controlfield tag="001">000042503</controlfield><controlfield tag="002">20161230</controlfield><controlfield tag="005">20161230201043</controlfield><controlfield tag="008">060222s1000------------r-----000-0-eng-d</controlfield><datafield ind1=" " ind2=" " tag="080"><subfield code="a">575.17(043)</subfield></datafield><datafield ind1=" " ind2=" " tag="100"><subfield code="a">Spiwack,Alain</subfield></datafield><datafield ind1=" " ind2=" " tag="245"><subfield code="a">Automate specialisste de traitement d`images. application a la classification des chromosomes. these</subfield></datafield><datafield ind1=" " ind2=" " tag="260"><subfield code="a">Paris, Orsay, L`Univ.De Paris-sud, Centre D`Orsay, 1976. 124 P</subfield></datafield><datafield ind1=" " ind2=" " tag="852"><subfield code="a">44081</subfield></datafield></record></collection>